@article{algoe2009witnessing,
  title={Witnessing excellence in action: The ‘other-praising’ emotions of elevation, gratitude, and admiration},
  author={Algoe, Sara B and Haidt, Jonathan},
  journal={The Journal of Positive Psychology},
  volume={4},
  number={2},
  pages={105--127},
  year={2009},
}

@misc{kaggle30000spotify,
  title={30000 Spotify Songs},
  author={{Arvidsson Joakim}},
  year={2023},
  url={https://www.kaggle.com/datasets/joebeachcapital/30000-spotify-songs},
  publisher={Kaggle}
}


@misc{bosk2022electronic,
  title={Is Electronic Music Good for Studying?},
  author={Bosk, Andry},
  year={2022},
  url={https://www.ravejungle.com/2022/12/16/edm-music-studying/},
  publisher={Rave Jungle}
}



@misc{dov2020positive,
  title={Positive effects of listening to electronic dance music while studying},
  author={Dov, Yotam},
  year={2020},
  url={https://weraveyou.com/2020/09/positive-effects-of-listening-to-electronic-dance-music-while-studying/},
  publisher={We Rave You}
}

@article{duman2022music,
  title={Music we move to: Spotify audio features and reasons for listening},
  author={Duman, Deniz and Neto, Pedro and Mavrolampados, Alexandros and Toiviainen, Petri and Luck, Geoff},
  journal={Plos One},
  volume={17},
  number={9},
  pages={e0275228},
  year={2022},
  publisher={Public Library of Science}
}

@article{felnhofer2013game,
  title={Game experience and behavior in young women: a comparison of interface technologies},
  author={Felnhofer, Anna and Heinzle, Anna-Katharina and Kothgassner, Oswald D},
  journal={Proceedings of the Usability Day XI},
  pages={1--6},
  year={2013}
}

@misc{NationalUniversity2021,
  title = {Can Music Help You Study and Focus?},
  author = {Godkin Masha},
  year = {2021},
  howpublished = {\url{https://www.nu.edu/blog/can-music-help-you-study-and-focus/}},
  note = {Accessed: 2023-12-06},
}



@article{musliu2017impact,
  title={The impact of music in memory},
  author={Musliu, Afrim and Berisha, Besa and Musaj, Alban and Latifi, Driton and Peci, Drin},
  journal={European Journal of Social Science Education and Research},
  volume={4},
  number={4},
  pages={138--143},
  year={2017}
}

@article{loepthien2022flow,
  title={Flow in music performance and music-listening: Differences in intensity, predictors, and the relationship between flow and subjective well-being},
  author={Loepthien, Till and Leipold, Bernhard},
  journal={Psychology of Music},
  volume={50},
  number={1},
  pages={111--126},
  year={2022},
  publisher={SAGE Publications}
}

@article{nijs2021flourishing,
  title={Flourishing in resonance: Joint resilience building through music and motion},
  author={Nijs, Luc and Nicolaou, Georgia},
  journal={Frontiers in Psychology},
  volume={12},
  pages={666702},
  year={2021},
  publisher={Frontiers Media SA}
}


@article{Huang2011EffectsOB,
  title={Effects of background music on concentration of workers.},
  author={Rong-Hwa Huang and Yi-Nuo Shih},
  journal={Work},
  year={2011},
  volume={38 4},
  pages={
          383-7
        },
  url={https://api.semanticscholar.org/CorpusID:404286}
}

@article{shih2012background,
  title={Background music: Effects on attention performance},
  author={Shih, Yi-Nuo and Huang, Rong-Hwa and Chiang, Hsin-Yu},
  journal={Work},
  volume={42},
  number={4},
  pages={573--578},
  year={2012},
  publisher={IOS Press}
}


@misc{Spotify2021,
  title = {New Spotify study shows audio is the number one productivity booster},
  author = {Spotify},
  year = {2021},
  howpublished = {\url{https://newsroom.spotify.com/2021-03-04/new-spotify-study-shows-audio-is-the-number-one-productivity-booster/}},
  note = {Accessed: 2023-12-06},
}


@article{stellar2017self,
  title={Self-transcendent emotions and their social functions: Compassion, gratitude, and awe bind us to others through prosociality},
  author={Stellar, Jennifer E and Gordon, Amie M and Piff, Paul K and Cordaro, Daniel and Anderson, Craig L and Bai, Yang and Maruskin, Laura A and Keltner, Dacher},
  journal={Emotion Review},
  volume={9},
  number={3},
  pages={200--207},
  year={2017},
  publisher={SAGE Publications Sage UK: London, England}
}


@incollection{vancappellen2013positive,
  title={Positive emotions and self-transcendence},
  author={Van Cappellen, Patty and Rimé, Bernard},
  booktitle={Religion, personality, and social behavior},
  pages={133--156},
  publisher={Psychology Press},
  year={2013}
}

@article{verneert2021space,
  title={A space for collaborative creativity. How collective improvising shapes ‘a sense of belonging’},
  author={Verneert, Femke and Nijs, Luc and De Baets, Thomas},
  journal={Frontiers in Psychology},
  volume={2021},
  pages={1080},
  year={2021},
  publisher={Frontiers Media SA}
}